1696 3045
139 128 228 172 162

127 1700 244 1753 wa

127 2281 239 2342 481.

361 88 754 169 rNSECTA
819 91 1433 174 COLEOPTERA}

270 226 436 290 Mouff.
463 229 546 279 lat.
569 229 615 274 in
635 226 856 287 appendice
882 227 973 278 tab.
992 229 1158 288 penult.
1199 228 1370 291 (Mas.)

554 306 603 354 p.
638 305 744 352 151.
769 290 815 352 f.
841 304 885 342 2.
919 292 1191 340 Scarabaeus
1228 292 1352 347 Vll,
1387 309 1447 340 ex
1483 292 1663 349 Ruffia„

267 359 372 409 Pet.
388 372 499 420 gaz.
531 373 603 420 14,
638 367 673 407 t,
697 353 743 402 8.
760 355 807 414 f.
834 352 879 401 8.
949 356 1271 419 Capricornus
1327 357 1517 405 rufficus
1587 360 1656 405 ci-

328 438 513 480 nereus,
543 419 781 468 cornubus
805 418 1093 483 longiffimis.

264 486 431 550 Frisch,
450 501 584 549 germ.
639 499 712 550 13.
737 499 786 545 p,
816 490 888 535 18.
926 496 962 531 t.
1004 500 1078 540 ιι,
1143 485 1418 534 Scarabaeus
1457 486 1652 534 arbore-

335 569 418 612 us,
449 551 659 597 antennis
684 547 975 613 longiffimis.

265 621 370 670 Λὲῗ.
396 614 486 679 ups.
519 620 658 679 1736.
686 628 735 675 p.
767 629 872 660 120.
907 631 951 666 n.
979 629 1006 660 2.
1032 615 1088 667 ἐφ’
1118 629 1160 679 3,
1184 614 1461 679 Cerambyx
1484 614 1657 678 fuscus,

334 681 543 728 antennis
569 694 770 742 corpore
794 691 960 743 quater
983 679 1300 744 longioribus,
1504 731 1507 733 Α

267 749 329 797 It.
349 748 415 797 oel.
442 756 486 802 8.
521 743 798 807 Cerambyx
823 743 1074 792 nebulosus
1092 745 1263 793 &aut
1287 742 1442 808 supra,

273 811 514 862 Smolandis
547 808 880 856 Timberman.

263 876 467 926 Habitat
490 874 710 937 frequens
762 873 810 919 in
844 872 1092 921 linteribus
1129 874 1180 922 ὃς
1221 874 1444 921 arborum
1480 875 1659 922 truncis

322 941 655 998 decorticatis,
688 937 802 985 dum
829 954 890 985 ex
910 938 980 985 his
1010 938 1177 985 domos
1201 939 1451 986 exstruunt
1474 940 1656 986 rurico-

322 1006 414 1065 lae,
447 1005 556 1052 hinc
583 1005 741 1067 pueris
767 1001 933 1050 nostris
966 1002 1144 1051 dicitur
1165 1004 1511 1064 Timberman,
1545 1006 1573 1050 i.
1614 1020 1658 1057 e.

254 1086 260 1088 ’
323 1069 534 1126 Aedilis3
581 1067 801 1115 omnibus
833 1066 1065 1116 notiffima
1085 1067 1288 1133 species:
1323 1070 1501 1132 vulgus
1528 1070 1655 1116 hunc

325 1134 499 1182 laedere
522 1132 743 1197 religlom
764 1132 888 1196 apud
910 1149 995 1180 nos
1029 1132 1181 1180 ducit.
1508 1172 1510 1174 .

264 1200 417 1236 DESCR.
442 1196 605 1232 Pollicem
622 1196 843 1230 transversum
862 1196 1004 1240 longum
1021 1196 1066 1230 est
1084 1207 1220 1242 corpus,
1243 1205 1352 1230 totum
1365 1195 1551 1230 cinereum.
1584 1199 1660 1239 Ely-

264 1254 317 1280 ινα
338 1242 452 1277 obtusa
496 1241 551 1275 ilis
572 1240 796 1275 minutiffimis
808 1241 974 1285 adspersa,
997 1241 1084 1275 inter
1103 1252 1187 1285 quos
1203 1241 1292 1286 pilos
1312 1238 1486 1275 tubercula
1504 1241 1558 1275 seu
1571 1253 1658 1286 pun-

266 1290 317 1325 &a
328 1288 448 1322 minuti
476 1298 540 1319 ima
558 1286 751 1331 prominent
762 1285 1004 1320 confertissima.
1029 1284 1148 1320 umbra
1167 1286 1336 1332 nigricans
1355 1285 1543 1331 coleoptera
1553 1297 1660 1321 trans-

264 1333 385 1368 versim
402 1329 507 1365 ambit
529 1331 641 1364 versus
663 1330 844 1375 posteriora
862 1331 897 1364 in
914 1330 1026 1364 medio
1051 1342 1197 1366 curvata.
1225 1332 1350 1364 Thorax
1373 1331 1473 1364 etiam
1493 1331 1657 1370 cinereus.

265 1389 427 1413 mucrone
445 1375 602 1420 utrinque
640 1375 856 1420 prominulo,
879 1375 914 1409 &
944 1374 1075 1420 punffls
1103 1385 1246 1419 quatuor
1265 1374 1364 1409 luteis
1382 1375 1657 1410 transversalibus

263 1435 283 1459 a
300 1433 406 1467 tergo.
438 1423 518 1455 oculi
546 1420 654 1465 nigri,
677 1419 841 1464 punchim
863 1431 951 1464 pone
978 1430 1138 1455 antennas
1155 1421 1301 1466 nigrum.
1325 1422 1482 1453 Antennae
1503 1420 1573 1465 ipio
1586 1432 1659 1455 cor-

270 1479 353 1515 pore
370 1466 549 1511 quintuplo
566 1465 755 1508 longiores,
778 1477 818 1497 ex
844 1475 884 1500 10
900 1464 1048 1499 articulis
1067 1465 1208 1498 cinereis
1220 1490 1229 1504 ,
1260 1466 1373 1499 verius
1388 1465 1516 1510 apicem
1541 1466 1658 1511 nigris,

267 1525 336 1558 quo
356 1510 458 1556 capiti
478 1509 664 1555 propiores,
691 1520 730 1543 eo
751 1507 931 1543 breviores.
956 1536 963 1543 .
990 1512 1060 1542 Αἶα»
1070 1510 1290 1554 nigricantes‚
1314 1509 1410 1543 venis
1433 1509 1542 1543 fuscis.

261 1558 409 1595 Faemina
427 1566 491 1590 ano
509 1554 697 1600 prominet3
721 1554 800 1588 huic
816 1564 967 1588 antennae
985 1553 996 1586 i
1023 1553 1055 1587 so
1080 1565 1221 1599 corpore
1248 1554 1350 1598 triplo
1372 1554 1561 1600 longiores:
1586 1566 1655 1589 ma-

261 1604 308 1638 ris
329 1612 442 1637 autem
458 1611 584 1635 cornua
612 1599 793 1644 quintuplo
812 1599 866 1633 vel
884 1599 999 1644 sextup
1016 1609 1036 1631 o
1054 1609 1197 1650 corpsore
1223 1598 1393 1644 longiora.

256 1681 665 1736 CERAMBYX
703 1682 856 1746 niger,
880 1681 1073 1728 thorace
1098 1679 1404 1744 planiusculo:
1438 1681 1653 1745 margine

321 1749 543 1811 utrinque
567 1745 845 1806 tridentato‚
860 1746 1147 1809 coleopteris
1169 1746 1334 1808 piceis.
1366 1746 1434 1791 D.
1453 1746 1578 1797 (ἕθεν.

258 1815 424 1878 Frisch.
444 1828 579 1876 germ
612 1827 684 1878 13.
701 1826 750 1873 p.
782 1826 855 1873 15.
886 1821 922 1865 t,
934 1827 981 1866 9,
997 1810 1273 1875 Cerambyx
1297 1811 1453 1874 niger,
1488 1822 1653 1858 anten-

320 1881 390 1927 nis
426 1877 622 1925 serratis.

258 1946 368 2009 Raj.
409 1942 488 1998 ins.
523 1957 605 2006 95,
640 1939 916 2006 Cerambyx
954 1941 1190 2001 maxima,
1223 1938 1447 1987 cornibus
1472 1941 1654 2005 magnis

326 2005 582 2057 articulatis
609 2007 657 2054 δε
683 2005 894 2058 reflexis,

257 2076 462 2126 Habitat
486 2072 544 2119 ad
566 2072 747 2121 Medevi
782 2070 1012 2123 aemulas,

261 2141 425 2220 &1⁴38ch3
465 2138 616 2182 Corpore
634 2135 793 2174 maximin,
813 2135 968 2169 antennis
986 2135 1150 2180 longiore,
1172 2120 1404 2180 pleniusculoe
1427 2131 1532 2167 facies
1549 2132 1656 2169 ferme

289 2195 363 2219 cara
389 2195 427 2218 εει
450 2192 524 2227 339.

256 2273 663 2328 CERAMBYX
688 2271 840 2330 rufus3
855 2271 1239 2337 coleopterorum
1263 2268 1396 2317 lineis
1416 2268 1567 2318 tribus
1580 2271 1651 2318 ni-

320 2345 418 2410 gris
445 2338 887 2407 longitudinalibus.

264 2410 466 2458 Habitat
490 2409 538 2455 in
559 2404 806 2454 Smolandia
819 2438 836 2463 ‚
870 2403 1029 2450 Scania
1042 2437 1058 2461 ,
1092 2400 1378 2450 Dalekarlia.

261 2476 415 2510 DESCR.
433 2470 488 2506 Est
517 2470 586 2504 haec
612 2467 733 2513 species
752 2467 838 2501 inter
857 2465 1021 2500 maximas
1040 2465 1139 2508 hujus
1151 2464 1293 2508 generis.
1317 2461 1485 2496 abdomen
1498 2488 1507 2501 ‚
1527 2463 1650 2507 pedes,

263 2531 320 2557 os,
343 2518 436 2552 frons
452 2514 590 2550 obscure
615 2511 736 2552 rubra3
766 2511 820 2545 sed
837 2512 984 2545 abdomen
1003 2510 1081 2555 pilis
1101 2509 1191 2542 canis
1209 2507 1345 2542 retium.
1375 2509 1501 2541 Thorax
1526 2508 1653 2542 aculeis

260 2560 453 2597 lateralibus
472 2557 672 2596 ma'oribus,
694 2557 851 2600 utrinque
872 2555 1026 2590 solitariis
1046 2554 1140 2599 apice
1157 2550 1287 2592 rubris;
1309 2552 1345 2586 <Sc
1364 2549 1520 2596 pluribus
1539 2552 1649 2586 mino-

261 2607 355 2643 ribus
372 2607 511 2642 interme
537 2604 591 2638 iis.
611 2606 700 2637 Inter
720 2612 881 2635 antennas
900 2601 969 2634 duo
988 2598 1160 2634 tubercula
1182 2596 1295 2632 rubra.
1317 2599 1429 2638 Elytra
1463 2594 1650 2631 tuberculis

262 2651 400 2687 elevatis
428 2648 555 2687 scabra,
578 2647 736 2690 villisque
755 2645 904 2679 minimis
921 2644 1080 2689 adspersa,
1104 2642 1219 2687 Elytra
1239 2642 1280 2675 ad
1296 2639 1387 2675 basin
1406 2641 1549 2691 angulos
1578 2641 1649 2675 for·
1687 2655 1690 2659 ⁷

259 2703 373 2737 mant,
398 2708 417 2731 e
434 2691 557 2740 quibus
580 2692 624 2728 ad
645 2691 773 2737 apicem
798 2689 898 2726 fascia
918 2689 972 2724 seu
990 2689 1078 2724 linea
1105 2687 1171 2722 lata
1190 2686 1287 2732 nigra
1315 2696 1479 2725 exeurnt,
1501 2695 1539 2720 ut
1565 2686 1600 2764 ξι
1628 2697 1648 2721 a

1589 2740 1646 2765 cu-
